@book {B:AmbGio1995,
    AUTHOR = {Ambrosetti, Antonio and Prodi, Giovanni},
     TITLE = {A primer of nonlinear analysis},
    SERIES = {Cambridge Studies in Advanced Mathematics},
    VOLUME = {34},
      NOTE = {Corrected reprint of the 1993 original},
 PUBLISHER = {Cambridge University Press, Cambridge},
      YEAR = {1995},
     PAGES = {viii+171},
      ISBN = {0-521-48573-8},
   MRCLASS = {58C15 (35J60 46N20 47H15 47N20 58E07)},
  MRNUMBER = {1336591},
}

@book{B:Axe1996,
  title={Iterative solution methods},
  author={Axelsson, Owe},
  year={1996},
  publisher={Cambridge university press}
}

@book{B:Ban1987,
  title={Theory of linear operations},
  author={Banach, Stefan},
  year={1987},
  publisher={Elsevier}
}

@book{B:Bre2010,
  title={Functional analysis, Sobolev spaces and partial differential equations},
  author={Brezis, Haim},
  year={2010},
  publisher={Springer Science \& Business Media}
}

@book{B:Bro1989,
  title={Theory of computation: formal languages, automata, and complexity},
  author={Brookshear, J Glenn},
  year={1989},
  publisher={Benjamin-Cummings Publishing Co., Inc.}
}

@book {B:But2016,
     TITLE = {Numerical methods for ordinary differential equations},
    AUTHOR = {Butcher, John Charles},
      YEAR = {2016},
 PUBLISHER = {John Wiley \& Sons}
}

@book{B:Die1997,
  title={Graph theory. 1997},
  author={Diestel, Reinhard},
  journal={Grad. Texts in Math},
  volume={2},
  year={1997}
}

@book{B:Die2012,
  title={Sequences and series in Banach spaces},
  author={Diestel, Joseph},
  volume={92},
  year={2012},
  publisher={Springer Science \& Business Media}
}

@book{B:FabHabHajMonZiz2011,
  title={Banach space theory: the basis for linear and nonlinear analysis},
  author={Fabian, Mari{\'a}n and Habala, Petr and H{\'a}jek, Petr and Montesinos, Vicente and Zizler, V{\'a}clav},
  year={2011},
  publisher={Springer Science \& Business Media}
}

@book{B:Gru2008,
  title={Distributions and operators},
  author={Grubb, Gerd},
  volume={252},
  year={2008},
  publisher={Springer Science \& Business Media}
}

@book {B:KirSim2001,
     TITLE = {Handbook of metric fixed point theory},
    EDITOR = {Kirk, William A. and Sims, Brailey},
 PUBLISHER = {Kluwer Academic Publishers, Dordrecht},
      YEAR = {2001},
     PAGES = {xiv+703},
      ISBN = {0-7923-7073-2},
   MRCLASS = {47-06 (46-06 46B20 47-00 47H09 47H10 54-06 54H25)},
  MRNUMBER = {1904271},
       DOI = {10.1007/978-94-017-1748-9},
       URL = {https://doi.org/10.1007/978-94-017-1748-9},
}

@book{B:Pat2018,
  title={Numerical heat transfer and fluid flow},
  author={Patankar, Suhas},
  year={2018},
  publisher={CRC press}
}

@book {B:Lan1983,
    AUTHOR = {Lang, Serge},
     TITLE = {Real analysis},
   EDITION = {Second},
 PUBLISHER = {Addison-Wesley Publishing Company, Advanced Book Program,
              Reading, MA},
      YEAR = {1983},
     PAGES = {xv+533},
      ISBN = {0-201-14179-5},
   MRCLASS = {00A05 (26-01 28-01 46-01 47-01 58-01)},
  MRNUMBER = {783635},
MRREVIEWER = {D. E. Edmunds},
}

@book{B:Sip2012,
  title={Introduction to the Theory of Computation},
  author={Sipser, Michael},
  year={2012},
  publisher={Cengage learning}
}

@book {B:StoBul2002,
    AUTHOR = {Stoer, J. and Bulirsch, R.},
     TITLE = {Introduction to numerical analysis},
    SERIES = {Texts in Applied Mathematics},
    VOLUME = {12},
   EDITION = {Third},
      NOTE = {Translated from the German by R. Bartels, W. Gautschi and C.
              Witzgall},
 PUBLISHER = {Springer-Verlag, New York},
      YEAR = {2002},
     PAGES = {xvi+744},
      ISBN = {0-387-95452-X},
   MRCLASS = {65-01},
  MRNUMBER = {1923481},
       DOI = {10.1007/978-0-387-21738-3},
       URL = {https://doi.org/10.1007/978-0-387-21738-3},
}

@book{B:VanGol1983,
  title={Matrix computations},
  author={Van Loan, Charles F and Golub, Gene H},
  year={1983},
  publisher={Johns Hopkins University Press}
}

@book{B:WanHai1996,
  title={Solving ordinary differential equations II},
  author={Wanner, Gerhard and Hairer, Ernst},
  year={1996},
  publisher={Springer Berlin Heidelberg}
}

@book {B:Woj1991,
    AUTHOR = {Wojtaszczyk, P.},
     TITLE = {Banach spaces for analysts},
    SERIES = {Cambridge Studies in Advanced Mathematics},
    VOLUME = {25},
 PUBLISHER = {Cambridge University Press, Cambridge},
      YEAR = {1991},
     PAGES = {xiv+382},
      ISBN = {0-521-35618-0},
   MRCLASS = {46-01 (30-01 43-01 46Bxx 46Exx 47Bxx)},
  MRNUMBER = {1144277},
MRREVIEWER = {Raymond H. Cox},
       DOI = {10.1017/CBO9780511608735},
       URL = {https://doi.org/10.1017/CBO9780511608735},
}

@book{B:Yos2012,
  title={Functional analysis},
  author={Yosida, K{\"o}saku},
  year={2012},
  publisher={Springer Science \& Business Media}
}

% * * * * * * * * * 

@article{A:NJSR:BarEbeRua1995,
  title={The {E}uropean regional seas ecosystem model, a complex marine ecosystem model},
  author={Baretta, JW and Ebenh{\"o}h, W and Ruardij, P},
  journal={Netherlands Journal of Sea Research},
  volume={33},
  number={3-4},
  pages={233--246},
  year={1995},
  publisher={Elsevier}
}

@article{A:NJSR:BroHeaHayGur1995,
  title={Modelling the dynamics of the {N}orth {S}ea's mesozooplankton},
  author={Broekhuizen, N and Heath, MR and Hay, SJ and Gurney, WSC},
  journal={Netherlands Journal of Sea Research},
  volume={33},
  number={3-4},
  pages={381--406},
  year={1995},
  publisher={Elsevier}
}

@article{A:ANM:BroRicBruMei2008,
  title={An improved and generalized second order, unconditionally positive, mass conserving integration scheme for biochemical systems},
  author={Broekhuizen, N and Rickard, Graham J and Bruggeman, J and Meister, A},
  journal={Applied Numerical Mathematics},
  volume={58},
  number={3},
  pages={319--340},
  year={2008},
  publisher={Elsevier}
}

@article{A:ANM:BruBurKooSom2007,
  title={A second-order, unconditionally positive, mass-conserving integration scheme for biochemical systems},
  author={Bruggeman, Jorn and Burchard, Hans and Kooi, Bob W and Sommeijer, Ben},
  journal={Applied numerical mathematics},
  volume={57},
  number={1},
  pages={36--58},
  year={2007},
  publisher={Elsevier}
}

@article{A:OD:BurDelMei2005,
  title={Application of modified {P}atankar schemes to stiff biogeochemical models for the water column},
  author={Burchard, Hans and Deleersnijder, Eric and Meister, Andreas},
  journal={Ocean Dynamics},
  volume={55},
  number={3-4},
  pages={326--337},
  year={2005},
  publisher={Springer}
}

@article {A:ANM:BurDelMei2003,
    AUTHOR = {Burchard, Hans and Deleersnijder, Eric and Meister, Andreas},
     TITLE = {A high-order conservative {P}atankar-type discretisation for
              stiff systems of production-destruction equations},
   JOURNAL = {Appl. Numer. Math.},
  FJOURNAL = {Applied Numerical Mathematics. An IMACS Journal},
    VOLUME = {47},
      YEAR = {2003},
    NUMBER = {1},
     PAGES = {1--30},
      ISSN = {0168-9274},
   MRCLASS = {65L06 (65L05)},
  MRNUMBER = {2003144},
MRREVIEWER = {Gabriela Schranz-Kirlinger},
       DOI = {10.1016/S0168-9274(03)00101-6},
       URL = {https://doi.org/10.1016/S0168-9274(03)00101-6},
}

@article{A:JMS:EilMeiAlm2009,
  title={On the dynamics of oxygen, phosphorus and cyanobacteria in the {B}altic {S}ea; {A} model study},
  author={Eilola, Kari and Meier, HE Markus and Almroth, Elin},
  journal={Journal of Marine Systems},
  volume={75},
  number={1-2},
  pages={163--184},
  year={2009},
  publisher={Elsevier}
}

@article{A:BIO:JohGoo2011,
  title={The original {M}ichaelis constant: translation of the 1913 {M}ichaelis--{M}enten paper},
  author={Johnson, Kenneth A and Goody, Roger S},
  journal={Biochemistry},
  volume={50},
  number={39},
  pages={8264--8269},
  year={2011},
  publisher={ACS Publications}
}

@article{A:AA:KlaMuc2010,
  title={A detailed view of filaments and sheets in the warm-hot intergalactic medium-{I}. Pancake formation},
  author={Klar, Jochen Sebastian and M{\"u}cket, JP},
  journal={Astronomy \& Astrophysics},
  volume={522},
  pages={A114},
  year={2010},
  publisher={EDP Sciences}
}

@article {A:NA:KopMei2019,
    AUTHOR = {Kopecz, Stefan and Meister, Andreas},
     TITLE = {On the existence of three-stage third-order modified
              {P}atankar-{R}unge-{K}utta schemes},
   JOURNAL = {Numer. Algorithms},
  FJOURNAL = {Numerical Algorithms},
    VOLUME = {81},
      YEAR = {2019},
    NUMBER = {4},
     PAGES = {1473--1484},
      ISSN = {1017-1398},
   MRCLASS = {65L06},
  MRNUMBER = {3987250},
       DOI = {10.1007/s11075-019-00680-3},
       URL = {https://doi.org/10.1007/s11075-019-00680-3},
}

@article{A:PAMM:KopMei2019,
  title={A comparison of numerical methods for conservative and positive advection-diffusion-production-destruction systems},
  author={Kopecz, Stefan and Meister, Andreas},
  journal={PAMM},
  volume={19},
  number={1},
  pages={e201900209},
  year={2019},
  publisher={Wiley Online Library}
}

@article {A:ANM:KopMei2018,
    AUTHOR = {Kopecz, S. and Meister, A.},
     TITLE = {On order conditions for modified {P}atankar-{R}unge-{K}utta
              schemes},
   JOURNAL = {Appl. Numer. Math.},
  FJOURNAL = {Applied Numerical Mathematics. An IMACS Journal},
    VOLUME = {123},
      YEAR = {2018},
     PAGES = {159--179},
      ISSN = {0168-9274},
   MRCLASS = {65L06},
  MRNUMBER = {3711996},
MRREVIEWER = {David Shirokoff},
       DOI = {10.1016/j.apnum.2017.09.004},
       URL = {https://doi.org/10.1016/j.apnum.2017.09.004},
}

@article {A:BIT:KopMei2018,
    AUTHOR = {Kopecz, Stefan and Meister, Andreas},
     TITLE = {Unconditionally positive and conservative third order modified
              {P}atankar-{R}unge-{K}utta discretizations of
              production-destruction systems},
   JOURNAL = {BIT},
  FJOURNAL = {BIT. Numerical Mathematics},
    VOLUME = {58},
      YEAR = {2018},
    NUMBER = {3},
     PAGES = {691--728},
      ISSN = {0006-3835},
   MRCLASS = {65L06 (65L05 65L20)},
  MRNUMBER = {3855688},
MRREVIEWER = {Luigi Brugnano},
       DOI = {10.1007/s10543-018-0705-1},
       URL = {https://doi.org/10.1007/s10543-018-0705-1},
}

@article{A:CMAME:Leo1991,
  title={The {U}{L}{T}{I}{M}{A}{T}{E} conservative difference scheme applied to unsteady one-dimensional advection},
  author={Leonard, BP},
  journal={Computer methods in applied mechanics and engineering},
  volume={88},
  number={1},
  pages={17--74},
  year={1991},
  publisher={Elsevier}
}

@article{A:JMS:Neu2000,
  title={Towards a 3{D}-ecosystem model of the {B}altic {S}ea},
  author={Neumann, Thomas},
  journal={Journal of Marine Systems},
  volume={25},
  number={3-4},
  pages={405--419},
  year={2000},
  publisher={Elsevier}
}

@article{A:MWR:Pie1998,
  title={The use of {T}{V}{D} limiters for forward-in-time upstream-biased advection schemes in ocean modeling},
  author={Pietrzak, Julie},
  journal={Monthly Weather Review},
  volume={126},
  number={3},
  pages={812--830},
  year={1998}
}

@article{A:SIAMSC:Ver1994,
  title={Gauss--{S}eidel iteration for stiff {O}{D}{E}s from chemical kinetics},
  author={Verwer, Jan G},
  journal={SIAM Journal on Scientific Computing},
  volume={15},
  number={5},
  pages={1243--1250},
  year={1994},
  publisher={SIAM}
}

% * * * * * * * * *

@incollection {A:ANM:Hor1998,
    AUTHOR = {Horv\'{a}th, Zolt\'{a}n},
     TITLE = {Positivity of {R}unge-{K}utta and diagonally split
              {R}unge-{K}utta methods},
      NOTE = {Eighth {C}onference on the {N}umerical {T}reatment of {D}ifferential
              {E}quations ({A}lexisbad, 1997)},
   JOURNAL = {Appl. Numer. Math.},
  FJOURNAL = {Applied Numerical Mathematics. An IMACS Journal},
    VOLUME = {28},
      YEAR = {1998},
    NUMBER = {2-4},
     PAGES = {309--326},
      ISSN = {0168-9274},
   MRCLASS = {65L06},
  MRNUMBER = {1655167},
MRREVIEWER = {Iulian Coroian},
       DOI = {10.1016/S0168-9274(98)00050-6},
       URL = {https://doi.org/10.1016/S0168-9274(98)00050-6},
}          
           
% * * * * * * * * *

@misc{M:AviKopMei2019,    
	 TITLE = {A {C}omprehensive {T}heory on {G}eneralized {B}{B}{K}{S} {S}chemes},
    AUTHOR = {\'{A}vila, {A}ndr\'es and {K}opecz, {S}tefan and {M}eister, {A}ndreas},
      YEAR = {2019},
 PUBLISHER = {Unpublished}
}

@misc{M:Rob1996,    
	 TITLE = {The solution of a set of reaction rate equations In {W}alsh {J}., editor.({E}d.), {N}umerical analysis: an introduction},
    AUTHOR = {Robertson, H.H.},
      YEAR = {1966},
 PUBLISHER = {London, New York: Academic Press}
}

